<?xml version="1.0" encoding="utf-8"?>
<record xmlns="http://www.loc.gov/MARC21/slim" xmlns:xsi="http://www.w3.org/2001/XMLSchema-instance" xsi:schemaLocation="http://www.loc.gov/MARC21/slim http://www.loc.gov/standards/marcxml/schema/MARC21slim.xsd">
	<leader>     nam a22     Mi 4500</leader>
	<controlfield tag="001">2983694</controlfield>
	<controlfield tag="003">NNC</controlfield>
	<controlfield tag="006">m        d        </controlfield>
	<controlfield tag="007">cr cn |||m|||a</controlfield>
	<controlfield tag="008">190513m18981900ua      o     000 0 arar </controlfield>
	<datafield ind1=" " ind2=" " tag="040">
		<subfield code="a">ZYU</subfield>
		<subfield code="b">ara</subfield>
		<subfield code="e">rda</subfield>
		<subfield code="c">ZYU</subfield>
	</datafield>
	<datafield ind1="0" ind2="4" tag="050">
		<subfield code="a">PJ6101</subfield>
		<subfield code="b">.S5 1898</subfield>
	</datafield>
	<datafield ind1="0" ind2=" " tag="082">
		<subfield code="a">492.75</subfield>
		<subfield code="2">22</subfield>
	</datafield>
	<datafield ind1="1" ind2=" " tag="100">
		<subfield code="6">880-01</subfield>
		<subfield code="a">Sībawayh, ʻAmr ibn ʻUthmān,</subfield>
		<subfield code="d">active 8th century,</subfield>
		<subfield code="e">author.</subfield>
	</datafield>
	<datafield ind1="1" ind2="0" tag="240">
		<subfield code="6">880-02</subfield>
		<subfield code="a">Kitāb Sībawayh</subfield>
	</datafield>
	<datafield ind1="1" ind2="0" tag="245">
		<subfield code="6">880-03</subfield>
		<subfield code="a">Kitāb ʻalam al-aʻlām imām kull imām mālik azimmat al-adab wa-malik ʻulūm al-ʻArab Abī Bishr ʻAmr al-Mulaqqab Sībawayh /</subfield>
		<subfield code="c">Abī Bishr ʻAmr Ibn ʻUthmān ibn Qanbar Sībawayh. Wa-bi-hāmishihi taqrīrāt wa-zubad min sharḥ Abī Saʻīd al-Sīrāfī fa-huwa al-kitāb al-wāfir al-wāfī, wa-min ghayrihi ayḍan. Wa-bi-asfal al-Ṣaḥīfah bi-al-Qāʻidah al-Ṣaghīrah Sharḥ al-Shawāhid al-Musammá (Taḥṣīl ʻayn al-dhahab min maʻdan jawhar al-adab fī ʻilm majāzāt al-ʻArab) li-muʼallifihi ʻalam al-aʻlām wa-mawlá al-anām Yūsuf ibn Sulaymān ibn ʻĪsá al-Shantamarī, raḥima Allāh al-jamīʻ wa-arsala ʻalá aḍrḥatihim shaʼābīb al-raḥamāt wa-nafaʻanā bi-mālihim min al-muʼallafāt.</subfield>
	</datafield>
	<datafield ind1="3" ind2="4" tag="246">
		<subfield code="a">Kitab Sibawayh</subfield>
	</datafield>
	<datafield ind1=" " ind2=" " tag="250">
		<subfield code="6">880-04</subfield>
		<subfield code="a">al-Ṭabʻah al-ūlá.</subfield>
	</datafield>
	<datafield ind1=" " ind2="1" tag="264">
		<subfield code="6">880-05</subfield>
		<subfield code="a">Būlāq :</subfield>
		<subfield code="b">al-Maṭbuʻah al-Kubrá al-Āmīrīyah,</subfield>
		<subfield code="c">1316 Hijrīyah, [1898/99-1900]</subfield>
	</datafield>
	<datafield ind1=" " ind2=" " tag="300">
		<subfield code="a">online resource (2 volumes)</subfield>
	</datafield>
	<datafield ind1=" " ind2=" " tag="336">
		<subfield code="a">text</subfield>
		<subfield code="2">rdacontent</subfield>
	</datafield>
	<datafield ind1=" " ind2=" " tag="337">
		<subfield code="a">computer</subfield>
		<subfield code="2">rdamedia</subfield>
	</datafield>
	<datafield ind1=" " ind2=" " tag="338">
		<subfield code="a">online resource</subfield>
		<subfield code="2">rdacarrier</subfield>
	</datafield>
	<datafield ind1=" " ind2=" " tag="500">
		<subfield code="6">880-06</subfield>
		<subfield code="a">Ḥuqūq al-ṭabʻ maḥfūẓah.</subfield>
	</datafield>
	<datafield ind1=" " ind2=" " tag="500">
		<subfield code="a">Part of the Arabic Collections Online (ACO) project, contributed by Columbia University Libraries.</subfield>
	</datafield>
	<datafield ind1=" " ind2=" " tag="533">
		<subfield code="a">Electronic reproduction.</subfield>
		<subfield code="b">New York, N.Y. :</subfield>
		<subfield code="c">New York University,</subfield>
		<subfield code="d">2019.</subfield>
		<subfield code="5">NNU</subfield>
	</datafield>
	<datafield ind1=" " ind2="0" tag="650">
		<subfield code="a">Arabic language</subfield>
		<subfield code="x">Grammar.</subfield>
	</datafield>
	<datafield ind1=" " ind2="7" tag="650">
		<subfield code="a">Arabic language</subfield>
		<subfield code="x">Grammar.</subfield>
		<subfield code="2">fast</subfield>
		<subfield code="0">(OCoLC)fst00812341</subfield>
	</datafield>
	<datafield ind1="1" ind2=" " tag="700">
		<subfield code="6">880-07</subfield>
		<subfield code="a">Sīrāfī, al-Ḥasan ibn ʻAbd Allāh,</subfield>
		<subfield code="d">approximately 893-approximately 979.</subfield>
	</datafield>
	<datafield ind1="1" ind2="2" tag="700">
		<subfield code="6">880-08</subfield>
		<subfield code="a">Aʻlam al-Shantamarī, Yūsuf ibn Sulaymān,</subfield>
		<subfield code="d">1019 or 1020-1083 or 1084.</subfield>
		<subfield code="t">Taḥşīl ʻayn al-dhahb min maʻdin jawhar al-Adab fī ʻilm majāzāt al-ʻArab.</subfield>
	</datafield>
	<datafield ind1="2" ind2=" " tag="710">
		<subfield code="a">Columbia University.</subfield>
		<subfield code="b">Libraries.</subfield>
	</datafield>
	<datafield ind1="0" ind2=" " tag="730">
		<subfield code="a">Arabic Collections Online.</subfield>
	</datafield>
	<datafield ind1="0" ind2="8" tag="776">
		<subfield code="i">Online version:</subfield>
		<subfield code="a">Sībawayh, ʻAmr ibn ʻUthmān, active 8th century.</subfield>
		<subfield code="t">Kitāb Abī Bishr ʻAmr al-Mulaqqab Sībawayh.</subfield>
		<subfield code="d">Būlāq : al-Maṭbuʻah al-Kubrá al-Āmīrīyah, [1898/99-1900]</subfield>
		<subfield code="w">(OCoLC)902847705</subfield>
	</datafield>
	<datafield ind1="0" ind2="8" tag="776">
		<subfield code="i">Print version:</subfield>
		<subfield code="a">Sībawayh, ʻAmr ibn ʻUthmān, active 8th century, author.</subfield>
		<subfield code="t">Kitāb ʻalam al-aʻlām imām kull imām mālik azimmat al-adab wa-malik ʻulūm al-ʻArab Abī Bishr ʻAmr al-Mulaqqab Sībawayh</subfield>
		<subfield code="w">(NNC)2983694</subfield>
		<subfield code="w">(DLC)  59044133 </subfield>
		<subfield code="w">(OCoLC)25905259</subfield>
	</datafield>
	<datafield ind1="4" ind2="1" tag="856">
		<subfield code="3">Internet Archive, UNC Chapel Hill copy, v.1</subfield>
		<subfield code="u">https://archive.org/details/kitababibishramr018800</subfield>
	</datafield>
	<datafield ind1="4" ind2="1" tag="856">
		<subfield code="3">Internet Archive, UNC Chapel Hill copy, v.2</subfield>
		<subfield code="u">https://archive.org/details/kitababibishramr028800</subfield>
	</datafield>
	<datafield ind1="4" ind2="0" tag="856">
		<subfield code="u">http://hdl.handle.net/2333.1/s7h44scg</subfield>
	</datafield>
	<datafield ind1="1" ind2=" " tag="880">
		<subfield code="6">100-01</subfield>
		<subfield code="a">سيبويه، عمرو بن عثمان،</subfield>
		<subfield code="d">active 8th century,</subfield>
		<subfield code="e">author.</subfield>
	</datafield>
	<datafield ind1="1" ind2="0" tag="880">
		<subfield code="6">240-02</subfield>
		<subfield code="a">كتاب سيبويه</subfield>
	</datafield>
	<datafield ind1="1" ind2="0" tag="880">
		<subfield code="6">245-03</subfield>
		<subfield code="a">كتاب علم الأعلام إمام كل إمام مالك أزمة الأدب وملك علوم العرب أبي بشر عمرو الملقب سيبويه /</subfield>
		<subfield code="c">أبي بشر عمرو ابن عثمان بن قنبر سيبويه. وبهامشه تقريرات وزبد من شرح أبي سعيد السيرافي فهو الكتاب الوافر الوافي، ومن غيره أيضا. وبأسفل الصحيفة بالقاعدة الصغيرة شرح الشواهد المسمى (تحصيل عين الذهب من معدن جوهر الأدب في علم مجازات العرب) لمؤلفه علم الأعلام ومولى الأنام يوسف بن سليمان بن عيسى الشنتمري، رحم الله الجميع وأرسل على أضرحتهم شآبيب الرحمات ونفعنا بمالهم من المؤلفات.</subfield>
	</datafield>
	<datafield ind1=" " ind2=" " tag="880">
		<subfield code="6">250-04</subfield>
		<subfield code="a">الطبعة الأولى.</subfield>
	</datafield>
	<datafield ind1=" " ind2="1" tag="880">
		<subfield code="6">264-05</subfield>
		<subfield code="a">بولاق :</subfield>
		<subfield code="b">المطبعة الكبرى الأميرية،</subfield>
		<subfield code="c">1316 هجرية، [1898/99-1900]</subfield>
	</datafield>
	<datafield ind1=" " ind2=" " tag="880">
		<subfield code="6">500-06</subfield>
		<subfield code="a">حقوق الطبع محفوظة.</subfield>
	</datafield>
	<datafield ind1="1" ind2=" " tag="880">
		<subfield code="6">700-07</subfield>
		<subfield code="a">سيرافي، الحسن بن عبد الله،</subfield>
		<subfield code="d">حوالي 893-حوالي 979.</subfield>
	</datafield>
	<datafield ind1="1" ind2="2" tag="880">
		<subfield code="6">700-08</subfield>
		<subfield code="a">اعلم الشنتمري، يوسف بن سليمان،</subfield>
		<subfield code="d">1019 أو 1020-1083 أو 1084.</subfield>
		<subfield code="t">تحصيل عين الذهب من معدن جوهر الأدب في علم مجازات العرب.</subfield>
	</datafield>
	<datafield ind1=" " ind2=" " tag="959">
		<subfield code="a">NNU</subfield>
		<subfield code="b">WEB</subfield>
		<subfield code="c">GENI</subfield>
		<subfield code="t">0</subfield>
		<subfield code="m">Electronic access</subfield>
		<subfield code="s">01</subfield>
	</datafield>
	<datafield ind1=" " ind2=" " tag="999">
		<subfield code="i">NNC_2983694</subfield>
		<subfield code="o">(OCoLC)ocm25905259</subfield>
		<subfield code="s">columbia_aco003719:v.1</subfield>
		<subfield code="s">columbia_aco003720:v.2</subfield>
		<subfield code="e">(ERROR-880)</subfield>
		<subfield code="s">columbia_aco003719:v.1</subfield>
		<subfield code="s">columbia_aco003720:v.2</subfield>
	</datafield>
</record>
